@misc{chollet2015keras,
  title={Keras},
  author={Chollet, Fran\c{c}ois and others},
  year="2015",
  howpublished={https://keras.io}
}

@misc{tensorflow2015-whitepaper,
title={ {TensorFlow}: Large-Scale Machine Learning on Heterogeneous Systems},
url={https://www.tensorflow.org/},
note={Software available from tensorflow.org},
author={
    Mart\'{\i}n~Abadi and
    Ashish~Agarwal and
    Paul~Barham and
    Eugene~Brevdo and
    Zhifeng~Chen and
    Craig~Citro and
    Greg~S.~Corrado and
    Andy~Davis and
    Jeffrey~Dean and
    Matthieu~Devin and
    Sanjay~Ghemawat and
    Ian~Goodfellow and
    Andrew~Harp and
    Geoffrey~Irving and
    Michael~Isard and
    Yangqing Jia and
    Rafal~Jozefowicz and
    Lukasz~Kaiser and
    Manjunath~Kudlur and
    Josh~Levenberg and
    Dandelion~Man\'{e} and
    Rajat~Monga and
    Sherry~Moore and
    Derek~Murray and
    Chris~Olah and
    Mike~Schuster and
    Jonathon~Shlens and
    Benoit~Steiner and
    Ilya~Sutskever and
    Kunal~Talwar and
    Paul~Tucker and
    Vincent~Vanhoucke and
    Vijay~Vasudevan and
    Fernanda~Vi\'{e}gas and
    Oriol~Vinyals and
    Pete~Warden and
    Martin~Wattenberg and
    Martin~Wicke and
    Yuan~Yu and
    Xiaoqiang~Zheng},
  year={2015}
}

@BOOK(neural_symbolic_2007,
  EDITOR = "Hammer, Barbara and Hitzler, Pascal",
  TITLE = "Perspectives of Neural-Symbolic Integration",
  PUBLISHER = {Springer-Verlag},
  ADDRESS = {Berlin Heidelberg},
  YEAR=2007)

@INBOOK(shruti_2007,
  CROSSREF = "neural_symbolic_2007",
  CHAPTER = "SHRUTI: A Neurally Motivated Architecture for Rapid, Scalable Inference",
  AUTHOR = "Shastri, Lokendra",
  PAGES = "183--204")

@INBOOK(core_method_2007,
  CROSSREF = "neural_symbolic_2007",
  CHAPTER = "The Core Method: Connectionist Model Generation for First-Order Logic Programs",
  AUTHOR = {Bader, Sebastian and Hitzler, Pascal and H\"{o}lldobler, Steffen},
  PAGES = "205--232")

@INBOOK(topos_theory_2007,
  CROSSREF = "neural_symbolic_2007",
  CHAPTER = "Learning Models of Predicate Logical Theories with Neural Networks Based on Topos Theory",
  AUTHOR = "d'Avila Garcez, Artur S.",
  PAGES = "233--264")

@INBOOK(modal_temporal_2007,
  CROSSREF = "neural_symbolic_2007",
  CHAPTER = "Advances in Neural-Symbolic Learning Systems: Modal and Temporal Reasoning",
  AUTHOR = {Komendantskaya, Ekaterina and Lane, M\'{a}ire and Karel Seda, Anthony},
  PAGES = "265--282")

@INBOOK(multi_valued_logic_2007,
  CROSSREF = "neural_symbolic_2007",
  CHAPTER = "Connectionist Representation of Multi-Valued Logic Programs",
  PAGES = "283--313")

@BOOK(neural_symbolic_2002,
  AUTHOR = "d'Avila Garcez, Artur S. and Broda, Krysia B. and Gabbay, Dov M.",
  TITLE = "Neuro-Symbolic Learning Systems",
  PUBLISHER = {Springer},
  ADDRESS = {London},
  YEAR=2002)

@ARTICLE(bica2015_integrated_neural_symbolic,
  AUTHOR = {Besold, Tarek R. and K\"{u}nberger, Kai-Uwe},
  TITLE = "Towards Integrated Neural-Symbolic Systems for Human-Level AI: Two Research Programs Helping to Bridge the Gaps",
  JOURNAL = "Biologically Inspired Cognitive Architectures",
  YEAR = 2015,
  VOLUME = 14,
  PAGES = "97--110"
  )

@ARTICLE(captcha_2017,
  AUTHOR = "Huang, Qiuyuan and Smolensky, Paul and He, Xiaodong and Deng, Li and Wu, Dapeng",
  TITLE = "A Neural-Symbolic Approach to Design of CAPTCHA",
  JOURNAL = "arXiv",
  YEAR = "2017",
  NOTE = "arXiv:1710.11475v2 [cs.CL]"
  )

@UNPUBLISHED(simple_dual_agent,
  AUTHOR = "Mukai, Ryan",
  TITLE = "Simple Reasoning and Knowledge States in a LSTM-Based Agent",
  YEAR = 2018,
  NOTE = "Submitted to arXiv for publication"
)

@MISC(github_repo,
  AUTHOR = "Mukai, Ryan",
  TITLE = "Github Repository alpha by CoderRyan800",
  HOWPUBLISHED = {https://github.com/CoderRyan800/alpha.git,
  NOTE = "ryan20083437@gmail.com"}
)


@article{DBLP:journals/corr/abs-1711-03902,
  author    = {Tarek R. Besold and
               Artur S. d'Avila Garcez and
               Sebastian Bader and
               Howard Bowman and
               Pedro M. Domingos and
               Pascal Hitzler and
               Kai{-}Uwe K{\"{u}}hnberger and
               Lu{\'{\i}}s C. Lamb and
               Daniel Lowd and
               Priscila Machado Vieira Lima and
               Leo de Penning and
               Gadi Pinkas and
               Hoifung Poon and
               Gerson Zaverucha},
  title     = {Neural-Symbolic Learning and Reasoning: {A} Survey and Interpretation},
  journal   = {CoRR},
  volume    = {abs/1711.03902},
  year      = {2017},
  url       = {http://arxiv.org/abs/1711.03902},
  archivePrefix = {arXiv},
  eprint    = {1711.03902},
  timestamp = {Mon, 13 Aug 2018 16:48:12 +0200},
  biburl    = {https://dblp.org/rec/bib/journals/corr/abs-1711-03902},
  bibsource = {dblp computer science bibliography, https://dblp.org}
}

@book{aima_3rd_ed,
	  author    = {Stuart J. Russell and
		                 Peter Norvig},
	    title     = {Artificial Intelligence - {A} Modern Approach {(3.} internat. ed.)},
	      publisher = {Pearson Education},
	        year      = {2010},
		  url       = {http://vig.pearsoned.com/store/product/1,1207,store-12521\_isbn-0136042597,00.html},
		    isbn      = {978-0-13-207148-2},
		      timestamp = {Fri, 04 Feb 2011 00:00:00 +0100},
		        biburl    = {https://dblp.org/rec/bib/books/daglib/0023820},
			  bibsource = {dblp computer science bibliography, https://dblp.org}
}

@misc{aima_repo,
	  author = {Russell, Stuart and Norvig, Peter},
	    title = {aima-python},
	      year = {2019},
	        publisher = {GitHub},
		  journal = {GitHub repository},
		    howpublished = {\url{https://github.com/aimacode/aima-python}},
		      commit = {c82fddc91b4e63c12035b3bbaa1af32b1b57346d}
}
